% Put you own bibliography entries in this file
@article{bromley1993siamesesignature,
  title={Signature verification using a “Siamese” time delay neural network},
  author={Bromley, Jane and Bentz, James W and Bottou, L{\'e}on and Guyon, Isabelle and LeCun, Yann and Moore, Cliff and S{\"a}ckinger, Eduard and Shah, Roopak},
  journal={International Journal of Pattern Recognition and Artificial Intelligence},
  volume={7},
  number={04},
  pages={669--688},
  year={1993},
  publisher={World Scientific}
}


@article{kingma2014adam,
  title={Adam: A method for stochastic optimization},
  author={Kingma, Diederik and Ba, Jimmy},
  journal={arXiv preprint arXiv:1412.6980},
  year={2014}
}

@article{PhysRevLett.35.1489,
  title = {Evidence for Anomalous Lepton Production in ${e}^{+}\ensuremath{-}{e}^{\ensuremath{-}}$ Annihilation},
  author = {Perl, M. L. and Abrams and others},
  journal = {Phys. Rev. Lett.},
  volume = {35},
  issue = {22},
  pages = {1489--1492},
  numpages = {0},
  year = {1975},
  publisher = {American Physical Society},
  doi = {10.1103/PhysRevLett.35.1489},
  url = {https://link.aps.org/doi/10.1103/PhysRevLett.35.1489}
}

@article{Davier_2006,
   title={The physics of hadronic tau decays},
   volume={78},
   ISSN={1539-0756},
   url={http://dx.doi.org/10.1103/RevModPhys.78.1043},
   DOI={10.1103/revmodphys.78.1043},
   number={4},
   journal={Reviews of Modern Physics},
   publisher={American Physical Society (APS)},
   author={Davier, Michel and Höcker, Andreas and Zhang, Zhiqing},
   year={2006},
   pages={1043–1109}
}

@article{PhysRevD.98.030001,
  title = {Review of Particle Physics},
  author = {Tanabashi, M. and Hagiwara, K. and Hikasa and others},
  collaboration = {Particle Data Group},
  journal = {Phys. Rev. D},
  volume = {98},
  issue = {3},
  pages = {030001},
  numpages = {1898},
  year = {2018},
  publisher = {American Physical Society},
  doi = {10.1103/PhysRevD.98.030001},
  url = {https://link.aps.org/doi/10.1103/PhysRevD.98.030001}
}

@article{FermiTheory,
  title={Tentativo di una Teoria Dei Raggi Beta},
  author={Fermi, Enrico},
  journal={Il Nuovo Cimento (1924-1942)},
  volume={11},
  number={1},
  pages={669--688},
  year={1932},
  publisher={Il Nuovo Cimento (1924-1942)}
}
@article{Ciezarek_2017,
   title={A challenge to lepton universality in B-meson decays},
   volume={546},
   ISSN={1476-4687},
   url={http://dx.doi.org/10.1038/nature22346},
   DOI={10.1038/nature22346},
   number={7657},
   journal={Nature},
   publisher={Springer Science and Business Media LLC},
   author={Ciezarek, Gregory and Franco Sevilla, Manuel and Hamilton, Brian and Kowalewski, Robert and Kuhr, Thomas and Lüth, Vera and Sato, Yutaro},
   year={2017},
   pages={227–233}
}
@manual{HFAG,
      title  = "Average of $R(D)$ and $R(D^\star)$ for Spring 2019",
      author = "Heavy Flavour Averaging Group",
      url    = "https://hflav-eos.web.cern.ch/hflav-eos/semi/spring19/html/RDsDsstar/RDRDs.html",
      year   = "2019"
}

@article{Aad:2014rga,
    author = "Aad, Georges and others",
    collaboration = "ATLAS",
    title = "{Identification and energy calibration of hadronically decaying tau leptons with the ATLAS experiment in $pp$ collisions at $\sqrt{s}$=8 TeV}",
    eprint = "1412.7086",
    archivePrefix = "arXiv",
    primaryClass = "hep-ex",
    reportNumber = "CERN-PH-EP-2014-227",
    doi = "10.1140/epjc/s10052-015-3500-z",
    journal = "Eur. Phys. J. C",
    volume = "75",
    number = "7",
    pages = "303",
    year = "2015"
}

@article{Cacciari:2008gp,
    author = "Cacciari, Matteo and Salam, Gavin P. and Soyez, Gregory",
    title = "{The anti-$k_t$ jet clustering algorithm}",
    eprint = "0802.1189",
    archivePrefix = "arXiv",
    primaryClass = "hep-ph",
    reportNumber = "LPTHE-07-03",
    doi = "10.1088/1126-6708/2008/04/063",
    journal = "JHEP",
    volume = "04",
    pages = "063",
    year = "2008"
}

@article{Aad:2016upy,
    author = "Aad, Georges and others",
    collaboration = "ATLAS",
    title = "{Topological cell clustering in the ATLAS calorimeters and its performance in LHC Run 1}",
    eprint = "1603.02934",
    archivePrefix = "arXiv",
    primaryClass = "hep-ex",
    reportNumber = "CERN-PH-EP-2015-304",
    doi = "10.1140/epjc/s10052-017-5004-5",
    journal = "Eur. Phys. J. C",
    volume = "77",
    pages = "490",
    year = "2017"
}

@techreport{Deutsch:2680523,
      author        = "Deutsch, Christopher and Martin dit Latour, Bertrand and
                       Grefe, Christian",
      title         = "{Identification of hadronic tau lepton decays using neural
                       networks in the ATLAS experiment}",
      institution   = "CERN",
      address       = "Geneva",
      number        = "ATL-COM-PHYS-2019-773",
      year          = "2018",
      reportNumber  = "ATL-COM-PHYS-2019-773",
      url           = "https://cds.cern.ch/record/2680523",
      note          = "RNN tau ID, ATL-PHYS-PUB-2019-033",
}

@article{ALEPH:2005ab,
    author = "Schael, S. and others",
    collaboration = "ALEPH, DELPHI, L3, OPAL, SLD, LEP Electroweak Working Group, SLD Electroweak Group, SLD Heavy Flavour Group",
    title = "{Precision electroweak measurements on the $Z$ resonance}",
    eprint = "hep-ex/0509008",
    archivePrefix = "arXiv",
    reportNumber = "SLAC-R-774",
    doi = "10.1016/j.physrep.2005.12.006",
    journal = "Phys. Rept.",
    volume = "427",
    pages = "257--454",
    year = "2006"
}


@article{Pich:2013lsa,
    author = "Pich, Antonio",
    title = "{Precision Tau Physics}",
    eprint = "1310.7922",
    archivePrefix = "arXiv",
    primaryClass = "hep-ph",
    reportNumber = "IFIC-13-79, FTUV-13-1029, FTUV-13-1028",
    doi = "10.1016/j.ppnp.2013.11.002",
    journal = "Prog. Part. Nucl. Phys.",
    volume = "75",
    pages = "41--85",
    year = "2014"
}

@article{Schael:2013ita,
    author = "Schael, S. and others",
    collaboration = "ALEPH, DELPHI, L3, OPAL, LEP Electroweak",
    title = "{Electroweak Measurements in Electron-Positron Collisions at W-Boson-Pair Energies at LEP}",
    eprint = "1302.3415",
    archivePrefix = "arXiv",
    primaryClass = "hep-ex",
    reportNumber = "CERN-PH-EP-2013-022",
    doi = "10.1016/j.physrep.2013.07.004",
    journal = "Phys. Rept.",
    volume = "532",
    pages = "119--244",
    year = "2013"
}
@article{ATLAS:1999uwa,
    author = "Airapetian, A. and others",
    collaboration = "ATLAS",
    title = "{ATLAS: Detector and physics performance technical design report. Volume 1}",
    reportNumber = "CERN-LHCC-99-14, ATLAS-TDR-14",
    year = "1999"
}
@article{PhysRevLett.13.508,
  title = {Broken Symmetries and the Masses of Gauge Bosons},
  author = {Higgs, Peter W.},
  journal = {Phys. Rev. Lett.},
  volume = {13},
  issue = {16},
  pages = {508--509},
  numpages = {0},
  year = {1964},
  publisher = {American Physical Society},
  doi = {10.1103/PhysRevLett.13.508},
  url = {https://link.aps.org/doi/10.1103/PhysRevLett.13.508}
}

@article{PhysRevLett.13.321,
  title = {Broken Symmetry and the Mass of Gauge Vector Mesons},
  author = {Englert, F. and Brout, R.},
  journal = {Phys. Rev. Lett.},
  volume = {13},
  issue = {9},
  pages = {321--323},
  numpages = {0},
  year = {1964},
  publisher = {American Physical Society},
  doi = {10.1103/PhysRevLett.13.321},
  url = {https://link.aps.org/doi/10.1103/PhysRevLett.13.321}
}

@article{PhysRevLett.13.585,
  title = {Global Conservation Laws and Massless Particles},
  author = {Guralnik, G. S. and Hagen, C. R. and Kibble, T. W. B.},
  journal = {Phys. Rev. Lett.},
  volume = {13},
  issue = {20},
  pages = {585--587},
  numpages = {0},
  year = {1964},
  publisher = {American Physical Society},
  doi = {10.1103/PhysRevLett.13.585},
  url = {https://link.aps.org/doi/10.1103/PhysRevLett.13.585}
}

@article{GellMann:1964nj,
    author = "Gell-Mann, Murray",
    title = "{A Schematic Model of Baryons and Mesons}",
    doi = "10.1016/S0031-9163(64)92001-3",
    journal = "Phys. Lett.",
    volume = "8",
    pages = "214--215",
    year = "1964"
}

@article{Glashow:1967rx,
    author = "Glashow, S.L. and Weinberg, Steven",
    title = "{Breaking chiral symmetry}",
    doi = "10.1103/PhysRevLett.20.224",
    journal = "Phys. Rev. Lett.",
    volume = "20",
    pages = "224--227",
    year = "1968"
}

@article{Salam:1968rm,
    author = "Salam, Abdus",
    title = "{Weak and Electromagnetic Interactions}",
    doi = "10.1142/9789812795915\_0034",
    journal = "Conf. Proc. C",
    volume = "680519",
    pages = "367--377",
    year = "1968"
}

@article{Weinberg:1967tq,
    author = "Weinberg, Steven",
    title = "{A Model of Leptons}",
    doi = "10.1103/PhysRevLett.19.1264",
    journal = "Phys. Rev. Lett.",
    volume = "19",
    pages = "1264--1266",
    year = "1967"
}
@article{Arnison:1983rp,
    author = "Arnison, G. and others",
    collaboration = "UA1",
    title = "{Experimental Observation of Isolated Large Transverse Energy Electrons with Associated Missing Energy at s**(1/2) = 540-GeV}",
    reportNumber = "CERN-EP-83-13",
    doi = "10.1016/0370-2693(83)91177-2",
    journal = "Phys. Lett. B",
    volume = "122",
    pages = "103--116",
    year = "1983"
}
@article{Arnison:1983mk,
    author = "Arnison, G. and others",
    collaboration = "UA1",
    title = "{Experimental Observation of Lepton Pairs of Invariant Mass Around 95-GeV/c**2 at the CERN SPS Collider}",
    reportNumber = "CERN-EP-83-73",
    doi = "10.1016/0370-2693(83)90188-0",
    journal = "Phys. Lett. B",
    volume = "126",
    pages = "398--410",
    year = "1983"
}
@article{Banner:1983jy,
    author = "Banner, M. and others",
    collaboration = "UA2",
    title = "{Observation of Single Isolated Electrons of High Transverse Momentum in Events with Missing Transverse Energy at the CERN anti-p p Collider}",
    reportNumber = "CERN-EP-83-25",
    doi = "10.1016/0370-2693(83)91605-2",
    journal = "Phys. Lett. B",
    volume = "122",
    pages = "476--485",
    year = "1983"
}
@article{Bagnaia:1983zx,
    author = "Bagnaia, P. and others",
    collaboration = "UA2",
    title = "{Evidence for $Z^{0} \to e^+ e^-$ at the CERN $\bar{p} p$ Collider}",
    reportNumber = "CERN-EP-83-112",
    doi = "10.1016/0370-2693(83)90744-X",
    journal = "Phys. Lett. B",
    volume = "129",
    pages = "130--140",
    year = "1983"
}
@article{ALEPH:2005ab,
    author = "Schael, S. and others",
    collaboration = "ALEPH, DELPHI, L3, OPAL, SLD, LEP Electroweak Working Group, SLD Electroweak Group, SLD Heavy Flavour Group",
    title = "{Precision electroweak measurements on the $Z$ resonance}",
    eprint = "hep-ex/0509008",
    archivePrefix = "arXiv",
    reportNumber = "SLAC-R-774",
    doi = "10.1016/j.physrep.2005.12.006",
    journal = "Phys. Rept.",
    volume = "427",
    pages = "257--454",
    year = "2006"
}
@article{Abbott:1999yd,
    author = "Abbott, B. and others",
    collaboration = "D0",
    title = "{Differential production cross section of $Z$ bosons as a function of transverse momentum at $\sqrt{s} = 1.8$ TeV}",
    eprint = "hep-ex/9909020",
    archivePrefix = "arXiv",
    reportNumber = "FERMILAB-PUB-99-254-E",
    doi = "10.1103/PhysRevLett.84.2792",
    journal = "Phys. Rev. Lett.",
    volume = "84",
    pages = "2792--2797",
    year = "2000"
}
@article{Affolder:1999jh,
    author = "Affolder, T. and others",
    collaboration = "CDF",
    title = "{The transverse momentum and total cross section of $e^+e^-$ pairs in the $Z$ boson region from $p\bar{p}$ collisions at $\sqrt{s} = 1.8$ TeV}",
    eprint = "hep-ex/0001021",
    archivePrefix = "arXiv",
    reportNumber = "FERMILAB-PUB-99-220-E",
    doi = "10.1103/PhysRevLett.84.845",
    journal = "Phys. Rev. Lett.",
    volume = "84",
    pages = "845--850",
    year = "2000"
}
@book{Ellis:1991qj,
    author = "Ellis, R.Keith and Stirling, W.James and Webber, B.R.",
    title = "{QCD and collider physics}",
    isbn = "978-0-511-82328-2, 978-0-521-54589-1",
    publisher = "Cambridge University Press",
    volume = "8",
    year = "2011"
}
@article{Davier:2005xq,
    author = "Davier, Michel and Hocker, Andreas and Zhang, Zhiqing",
    title = "{The Physics of Hadronic Tau Decays}",
    eprint = "hep-ph/0507078",
    archivePrefix = "arXiv",
    reportNumber = "LAL-05-37",
    doi = "10.1103/RevModPhys.78.1043",
    journal = "Rev. Mod. Phys.",
    volume = "78",
    pages = "1043--1109",
    year = "2006"
}
@book{Martin:1992rg,
    author = "Martin, B.R. and Shaw, Graham",
    title = "{Particle physics}",
    year = "1992"
}
@article{ATLAS:2017mpa,
    collaboration = "ATLAS",
    title = "{Measurement of the tau lepton reconstruction and identification performance in the ATLAS experiment using $pp$ collisions at $\sqrt{s}=13$ TeV.}",
    reportNumber = "ATLAS-CONF-2017-029",
    year = "2017"
}
@article{Aad:2019wmn,
    author = "Aad, Georges and others",
    collaboration = "ATLAS",
    title = "{Measurement of the transverse momentum distribution of Drell-Yan lepton pairs in proton-proton collisions at $\sqrt{s}=13$ TeV with the ATLAS detector}",
    eprint = "1912.02844",
    archivePrefix = "arXiv",
    primaryClass = "hep-ex",
    reportNumber = "CERN-EP-2019-223",
    year = "2019"
}
@misc{SMImage,
    author= {{MissMJ Cush}},
    year  = {2019},
    title = {Standard model of elementary particles},
    note  = {\url{https://commons.wikimedia.org/wiki/File:Standard_Model_of_Elementary_Particles.svg}, 
             Last accessed on 2020-06-23},
}
@article{Pich:2013lsa,
    author = "Pich, Antonio",
    title = "{Precision Tau Physics}",
    eprint = "1310.7922",
    archivePrefix = "arXiv",
    primaryClass = "hep-ph",
    reportNumber = "IFIC-13-79, FTUV-13-1029, FTUV-13-1028",
    doi = "10.1016/j.ppnp.2013.11.002",
    journal = "Prog. Part. Nucl. Phys.",
    volume = "75",
    pages = "41--85",
    year = "2014"
}
@misc{SamImage,
    author= {{Sam Dysch}},
    year  = {2020},
    title = {QCD vs hadronic tau jets},
    note  = {\url{https://github.com/sdysch/thesis_tikz_figures}, 
             Last accessed on 2020-06-23},
}
@article{Aad:2014dta,
    author = "Aad, Georges and others",
    collaboration = "ATLAS",
    title = "{Measurement of the electroweak production of dijets in association with a Z-boson and distributions sensitive to vector boson fusion in proton-proton collisions at $\sqrt{s} =$ 8 TeV using the ATLAS detector}",
    eprint = "1401.7610",
    archivePrefix = "arXiv",
    primaryClass = "hep-ex",
    reportNumber = "CERN-PH-EP-2013-227",
    doi = "10.1007/JHEP04(2014)031",
    journal = "JHEP",
    volume = "04",
    pages = "031",
    year = "2014"
}
@article{Aaboud:2017emo,
    author = "Aaboud, M. and others",
    collaboration = "ATLAS",
    title = "{Measurement of the cross-section for electroweak production of dijets in association with a Z boson in pp collisions at $\sqrt {s}$ = 13 TeV with the ATLAS detector}",
    eprint = "1709.10264",
    archivePrefix = "arXiv",
    primaryClass = "hep-ex",
    reportNumber = "CERN-EP-2017-115",
    doi = "10.1016/j.physletb.2017.10.040",
    journal = "Phys. Lett. B",
    volume = "775",
    pages = "206--228",
    year = "2017"
}

@article{Aaboud:2019ynx,
    author = "Aaboud, Morad and others",
    collaboration = "ATLAS",
    title = "{Electron reconstruction and identification in the ATLAS experiment using the 2015 and 2016 LHC proton-proton collision data at $\sqrt{s}$ = 13 TeV}",
    eprint = "1902.04655",
    archivePrefix = "arXiv",
    primaryClass = "physics.ins-det",
    reportNumber = "CERN-EP-2018-273",
    doi = "10.1140/epjc/s10052-019-7140-6",
    journal = "Eur. Phys. J. C",
    volume = "79",
    number = "8",
    pages = "639",
    year = "2019"
}

@article{Aad:2016jkr,
    author = "Aad, Georges and others",
    collaboration = "ATLAS",
    title = "{Muon reconstruction performance of the ATLAS detector in proton--proton collision data at $\sqrt{s}$ =13 TeV}",
    eprint = "1603.05598",
    archivePrefix = "arXiv",
    primaryClass = "hep-ex",
    reportNumber = "CERN-EP-2016-033",
    doi = "10.1140/epjc/s10052-016-4120-y",
    journal = "Eur. Phys. J. C",
    volume = "76",
    number = "5",
    pages = "292",
    year = "2016"
}

@article{Aaboud:2016rmg,
    author = "Aaboud, Morad and others",
    collaboration = "ATLAS",
    title = "{Reconstruction of primary vertices at the ATLAS experiment in Run 1 proton--proton collisions at the LHC}",
    eprint = "1611.10235",
    archivePrefix = "arXiv",
    primaryClass = "physics.ins-det",
    reportNumber = "CERN-EP-2016-150",
    doi = "10.1140/epjc/s10052-017-4887-5",
    journal = "Eur. Phys. J. C",
    volume = "77",
    number = "5",
    pages = "332",
    year = "2017"
}

@article{TheATLAScollaboration:2015hdc,
    collaboration = "ATLAS",
    title = "{Vertex Reconstruction Performance of the ATLAS Detector at $\sqrt{s} = 13~\textrm{TeV}$}",
    reportNumber = "ATL-PHYS-PUB-2015-026",
    year = "2015"
}

@article{ATLAS:2017bcq,
    collaboration = "ATLAS",
    title = "{Optimisation and performance studies of the ATLAS $b$-tagging algorithms for the 2017-18 LHC run}",
    reportNumber = "ATL-PHYS-PUB-2017-013",
    month = "7",
    year = "2017"
}

@article{Aad:2019aic,
    author = "Aad, Georges and others",
    collaboration = "ATLAS",
    title = "{ATLAS b-jet identification performance and efficiency measurement with $t{\bar{t}}$ events in pp collisions at $\sqrt{s}=13$ TeV}",
    eprint = "1907.05120",
    archivePrefix = "arXiv",
    primaryClass = "hep-ex",
    reportNumber = "CERN-EP-2019-132",
    doi = "10.1140/epjc/s10052-019-7450-8",
    journal = "Eur. Phys. J. C",
    volume = "79",
    number = "11",
    pages = "970",
    year = "2019"
}
